<record xmlns="http://www.loc.gov/MARC21/slim">
  <leader>03114cam a2200349 i 4500</leader>
  <controlfield tag="001">   77123332 </controlfield>
  <controlfield tag="003">DLC</controlfield>
  <controlfield tag="005">20051218154744.0</controlfield>
  <controlfield tag="008">981008b2001    ilu           000 0 eng  </controlfield>
  <datafield tag="035" ind1=" " ind2=" ">
    <subfield code="a">57779</subfield>
  </datafield>
  <datafield tag="035" ind1=" " ind2=" ">
    <subfield code="a">90490</subfield>
  </datafield>
  <datafield tag="035" ind1=" " ind2=" ">
    <subfield code="a">93202</subfield>
  </datafield>
  <datafield tag="040" ind1=" " ind2=" ">
    <subfield code="a">DLC</subfield>
    <subfield code="c">DLC</subfield>
  </datafield>
  <datafield tag="906" ind1=" " ind2=" ">
    <subfield code="a">0</subfield>
    <subfield code="b">und</subfield>
    <subfield code="c">orignew</subfield>
    <subfield code="d">u</subfield>
    <subfield code="e">ncip</subfield>
    <subfield code="f">19</subfield>
    <subfield code="g">y-gencatlg</subfield>
  </datafield>
  <datafield tag="010" ind1=" " ind2=" ">
    <subfield code="a">   77123332 </subfield>
  </datafield>
  <datafield tag="245" ind1="0" ind2="0">
    <subfield code="a">Voyager Diacritic test -- New input 001 (SBIE).</subfield>
  </datafield>
  <datafield tag="260" ind1=" " ind2=" ">
    <subfield code="a">ny :</subfield>
    <subfield code="b">ny,</subfield>
    <subfield code="c">2001.</subfield>
  </datafield>
  <datafield tag="300" ind1=" " ind2=" ">
    <subfield code="a">100 p. ;</subfield>
    <subfield code="c">12 cm.</subfield>
  </datafield>
  <datafield tag="500" ind1=" " ind2=" ">
    <subfield code="a">New copy imported from file (8/12/99).</subfield>
  </datafield>
  <datafield tag="500" ind1=" " ind2=" ">
    <subfield code="a">VOYAGER COLUMN 0  (NEW):  Degree sign (°);  Phono Copyright mark (℗);  Copyright mark (©);  Sharp (♯);  Inverted Question mark (¿);  Inverted Exclamation mark (¡).</subfield>
  </datafield>
  <datafield tag="500" ind1=" " ind2=" ">
    <subfield code="a">VOYAGER COLUMN 1:  Script L (ℓ);  Polish L (Ł);  Scandanavian O (Ø);  D with Crossbar (Đ);  Icelandic Thorn (Þ);  AE Digraph (Æ); OE Digraph (Œ);  Miagkii Znak (ʹ);  Dot at Midline (·).</subfield>
  </datafield>
  <datafield tag="500" ind1=" " ind2=" ">
    <subfield code="a">VOYAGER COLUMN 2:  Musical Flat (♭);  Patent Mark (®);  Plus or Minus (±);  O Hook (Ơ);  U Hook (Ư);  Alif (ʼ);  alpha α;  Ayn (ʻ);  Polish l (ł).</subfield>
  </datafield>
  <datafield tag="500" ind1=" " ind2=" ">
    <subfield code="a">VOYAGER COLUMN 3:  Scandanavian o (ø);  d with crossbar (đ);  Icelandic Thorn (þ);  ae Digraph (æ);  oe Digraph (œ);  Tverdii Znak (ʺ);  Turkish i (ı);  British Pound (£);  eth (ð).</subfield>
  </datafield>
  <datafield tag="500" ind1=" " ind2=" ">
    <subfield code="a">VOYAGER COLUMN 4:  Dagger (DO NOT USE);  o Hook (ơ);  u Hook (ư);  Beta β;  Gamma γ;  Superscript 0 (⁰);  Superscript 1 (¹);  Superscript 2 (²);  Superscript 3 (³).</subfield>
  </datafield>
  <datafield tag="500" ind1=" " ind2=" ">
    <subfield code="a">VOYAGER COLUMN 5:  Superscript 4 (⁴);  Superscript 5 (⁵);  Superscript 6 (⁶);  Superscript 7 (⁷);  Superscript 8 (⁸);  Superscript 9 (⁹);  Superscript + (⁺);  Superscript - (⁻);  Superscript ( (⁽).</subfield>
  </datafield>
  <datafield tag="500" ind1=" " ind2=" ">
    <subfield code="a">VOYAGER COLUMN 6:  Superscript ) (⁾);  Subscript 0 (₀);  Subscript  1 (₁);  Subscript 2 (₂);  Subscript 3 (₃);  Subscript 4 (₄);  Subscript 5 (₅);  Subscript 6 (₆);  Subscript 7 (₇).</subfield>
  </datafield>
  <datafield tag="500" ind1=" " ind2=" ">
    <subfield code="a">VOYAGER COLUMN 7:  Subscript 8 (₈);  Subscript 9 (₉);  Subscript + (₊);  Subscript - (₋);  Subscript ( (₍);  Subscript ) (₎);  Pseudo Question Mark (ỏ);  Grave (ò);  Acute (ó).</subfield>
  </datafield>
  <datafield tag="500" ind1=" " ind2=" ">
    <subfield code="a">VOYAGER COLUMN 8:  Circumflex (ô);  Tilde (õ);  Macron (ō);  Breve (ŏ);  Superior Dot (ȯ);  Umlaut (ö);  Hacek (ǒ);  Circle Above (o̊);  Ligature left (o͡).</subfield>
  </datafield>
  <datafield tag="500" ind1=" " ind2=" ">
    <subfield code="a">VOYAGER COLUMN 9:  Ligature right (o) ;  High Comma off center (o̕);  Double Acute (ő);  Candrabindu (o̐);  Cedilla (o̧);  Right Hook (ǫ);  Dot Below (ọ);  Double Dot Below (o̤);  Circle Below (o̥).</subfield>
  </datafield>
  <datafield tag="500" ind1=" " ind2=" ">
    <subfield code="a">VOYAGER COLUMN 10:  Double Underscore (o̳);  Underscore (o̲);  Left Hook (o̦);  Right Cedilla (o̜);  Upadhmaniya (o̮);  Double Tilde 1st half (o͠);  Double Tilde 2nd half (o) ;  High Comma centered (o̓).</subfield>
  </datafield>
  <datafield tag="500" ind1=" " ind2=" ">
    <subfield code="a">VOYAGER PC Keyboard:  Spacing Circumflex (^); Spacing Underscore (_); Spacing Grave (`); Open Curly Bracket ({); Close Curly Bracket (}); Spacing Tilde (~).</subfield>
  </datafield>
  <datafield tag="500" ind1=" " ind2=" ">
    <subfield code="a">Standard PC Keyboard:   1234567890-=   !@#$%^&amp;*()_+   qwertyuiop[]\   QWERTYUIOP{}|   asdfghjkl;&apos;  ASDFGHJKL:&quot;   zxcvbnm,./   ZXCVBNM&lt;&gt;?</subfield>
  </datafield>
</record>
